<record xmlns="http://www.loc.gov/MARC21/slim" xmlns:xsi="http://www.w3.org/2001/XMLSchema-instance" xsi:schemaLocation="http://www.loc.gov/MARC21/slim http://www.loc.gov/standards/marcxml/schema/MARC21slim.xsd"><leader>01963nam a2200397   4500</leader><controlfield tag="001">001682861</controlfield><controlfield tag="003">NNU</controlfield><controlfield tag="006">m        d        </controlfield><controlfield tag="007">cr cn |||m|||a</controlfield><controlfield tag="008">150223s1947    ua      ob    000 0 ara</controlfield><datafield ind1=" " ind2=" " tag="040"><subfield code="a">NNU</subfield><subfield code="b">eng</subfield><subfield code="e">rda</subfield><subfield code="c">NNU</subfield></datafield><datafield ind1=" " ind2="4" tag="050"><subfield code="a">PJ7745.B8</subfield><subfield code="b">Z7</subfield></datafield><datafield ind1="1" ind2=" " tag="100"><subfield code="6">880-01</subfield><subfield code="a">Rustum, &#699;Abd al-Sala&#772;m.</subfield></datafield><datafield ind1="1" ind2="0" tag="245"><subfield code="6">880-02</subfield><subfield code="a">T&#803;ayf al-wali&#772;d, aw, H&#803;aya&#772;t al-Buh&#803;turi&#772; :</subfield><subfield code="b">dira&#772;sah wa-tah&#803;li&#772;l /</subfield><subfield code="c">bi-qalam &#699;Abd al-Sala&#772;m Rustum.</subfield></datafield><datafield ind1="3" ind2="0" tag="246"><subfield code="6">880-03</subfield><subfield code="a">H&#803;aya&#772;t al-Buh&#803;turi&#772;</subfield></datafield><datafield ind1=" " ind2=" " tag="260"><subfield code="6">880-04</subfield><subfield code="a">[al-Qa&#772;hirah] :</subfield><subfield code="b">Da&#772;r al-Ma&#699;a&#772;rif bi-Mis&#803;r,</subfield><subfield code="c">[1947?]</subfield></datafield><datafield ind1=" " ind2=" " tag="300"><subfield code="a">online resource (216 pages)</subfield></datafield><datafield ind1=" " ind2=" " tag="336"><subfield code="a">text</subfield><subfield code="2">rdacontent</subfield></datafield><datafield ind1=" " ind2=" " tag="337"><subfield code="a">computer</subfield><subfield code="2">rdamedia</subfield></datafield><datafield ind1=" " ind2=" " tag="338"><subfield code="a">online resource</subfield><subfield code="2">rdacarrier</subfield></datafield><datafield ind1=" " ind2=" " tag="500"><subfield code="a">Part of the Arabic Collections Online (ACO) project, contributed by New York Univeristy Libraries.</subfield></datafield><datafield ind1=" " ind2=" " tag="504"><subfield code="a">Includes bibliographical references.</subfield></datafield><datafield ind1=" " ind2=" " tag="533"><subfield code="a">Electronic reproduction.</subfield><subfield code="b">New York, N.Y. :</subfield><subfield code="c">New York University,</subfield><subfield code="d">2015.</subfield><subfield code="5">NNU</subfield></datafield><datafield ind1="1" ind2="0" tag="600"><subfield code="a">Buh&#803;turi&#772;, al-Wali&#772;d ibn &#699;Ubayd,</subfield><subfield code="d">approximately 821-897 or 898.</subfield></datafield><datafield ind1="1" ind2="7" tag="600"><subfield code="a">Buh&#803;turi&#772;, al-Wali&#772;d ibn &#699;Ubayd,</subfield><subfield code="d">approximately 821-897 or 898.</subfield><subfield code="2">fast</subfield><subfield code="0">(OCoLC)fst01810228</subfield></datafield><datafield ind1=" " ind2=" " tag="653"><subfield code="a">Buh&#803;turi&#772;, al-Wali&#772;d ibn &#699;Ubayd;</subfield><subfield code="a">Biographies</subfield></datafield><datafield ind1="2" ind2=" " tag="710"><subfield code="a">New York University.</subfield><subfield code="b">Libraries.</subfield></datafield><datafield ind1="0" ind2=" " tag="730"><subfield code="a">Arabic Collections Online.</subfield></datafield><datafield ind1="0" ind2="8" tag="776"><subfield code="i">Print version:</subfield><subfield code="a">Rustum, &#699;Abd al-Sala&#772;m.</subfield><subfield code="t">T&#803;ayf al-wali&#772;d, aw, H&#803;aya&#772;t al-Buh&#803;turi&#772;</subfield><subfield code="w">(NNU)001682861</subfield><subfield code="w">(DLC)   96960693</subfield></datafield><datafield ind1="4" ind2="0" tag="856"><subfield code="u">http://hdl.handle.net/2333.1/v15dv5wq</subfield></datafield><datafield ind1="1" ind2=" " tag="880"><subfield code="6">100-01/</subfield><subfield code="a">&#1585;&#1587;&#1578;&#1605;&#1548; &#1593;&#1576;&#1583; &#1575;&#1604;&#1587;&#1604;&#1575;&#1605;.</subfield></datafield><datafield ind1="1" ind2="0" tag="880"><subfield code="6">245-02/</subfield><subfield code="a">&#1591;&#1610;&#1601; &#1575;&#1604;&#1608;&#1604;&#1610;&#1583;&#1548; &#1575;&#1608;&#1548; &#1581;&#1610;&#1575;&#1578; &#1575;&#1604;&#1576;&#1581;&#1578;&#1585;&#1610; :</subfield><subfield code="b">&#1583;&#1585;&#1575;&#1587;&#1577; &#1608;&#1578;&#1581;&#1604;&#1610;&#1604; /</subfield><subfield code="c">&#1576;&#1602;&#1604;&#1605; &#1593;&#1576;&#1583; &#1575;&#1604;&#1587;&#1604;&#1575;&#1605; &#1585;&#1587;&#1578;&#1605;.</subfield></datafield><datafield ind1="3" ind2="0" tag="880"><subfield code="6">246-03/</subfield><subfield code="a">&#1581;&#1610;&#1575;&#1578; &#1575;&#1604;&#1576;&#1581;&#1578;&#1585;&#1610;</subfield></datafield><datafield ind1=" " ind2=" " tag="880"><subfield code="6">260-04/</subfield><subfield code="a">[&#1575;&#1604;&#1602;&#1575;&#1607;&#1585;&#1577;] :</subfield><subfield code="b">&#1583;&#1575;&#1585; &#1575;&#1604;&#1605;&#1593;&#1575;&#1585;&#1601; &#1576;&#1605;&#1589;&#1585;&#1548;</subfield><subfield code="c">[1947&#1567;]</subfield></datafield><datafield ind1=" " ind2=" " tag="959"><subfield code="a">NNU</subfield><subfield code="b">WEB</subfield><subfield code="c">GENI</subfield><subfield code="t">0</subfield><subfield code="m">Electronic access</subfield><subfield code="s">01</subfield></datafield><datafield ind1=" " ind2=" " tag="999"><subfield code="i">NNU_001682861</subfield><subfield code="s">nyu_aco000346</subfield></datafield></record>